
@inproceedings{DBLP:conf/eurovav/Dondossola99,
  author    = {Giovanna Dondossola},
  title     = {Formal Methods for the Engineering and Certification of
               Safety-critical Knowledge-based Systems},
  booktitle = {EUROVAV},
  year      = {1999},
  pages     = {113-129},
  crossref  = {DBLP:conf/eurovav/1999},
  bibsource = {DBLP, http://dblp.uni-trier.de}
}

@proceedings{DBLP:conf/eurovav/1999,
  editor    = {Anca I. Vermesan and
               Frans Coenen},
  title     = {Validation and Verification of Knowledge Based Systems -
               Theory, Tools and Practice, Collected papers from EUROVAV
               '99, 5th European Symposium on Validation and Verification
               of Knowledge Based Systems,June 9-11, 199, Oslo, Norway},
  booktitle = {EUROVAV},
  publisher = {Kluwer},
  year      = {1999},
  isbn      = {0-7923-8645-0},
  bibsource = {DBLP, http://dblp.uni-trier.de}
}




@InProceedings{ALBSG:MICRO36,
    author    = {Vikram Adve and Chris Lattner and Michael Brukman and Anand Shukla and Brian Gaeke},
    title     = "{LLVA: A Low-level Virtual Instruction Set Architecture}",
    booktitle = "{Proceedings of the 36th annual ACM/IEEE international symposium on Microarchitecture (MICRO-36)}",
    address   = {San Diego, California},
    month     = {Dec},
    year      = {2003}
  }


@inproceedings{DBLP:conf/mpc/Morgan89,
  author    = {Carroll Morgan},
  title     = {Types and Invariants in the Refinement Calculus},
  booktitle = {MPC},
  year      = {1989},
  organization = {Science of Computer Programming},
  address = {Amsterdam},
  pages     = {363-378},
  crossref  = {DBLP:conf/mpc/1989},
  bibsource = {DBLP, http://dblp.uni-trier.de}
}

@proceedings{DBLP:conf/mpc/1989,
  editor    = {Jan L. A. van de Snepscheut},
  title     = {Mathematics of Program Construction, 375th Anniversary of
               the Groningen University, International Conference, Groningen,
               The Netherlands, June 26-30, 1989, Proceedings},
  booktitle = {MPC},
  publisher = {Springer},
  series    = {Lecture Notes in Computer Science},
  volume    = {375},
  year      = {1989},
  isbn      = {3-540-51305-1},
  bibsource = {DBLP, http://dblp.uni-trier.de}
}




 @MastersThesis{LAUT_SERGIO,
 author = {Paulo Sérgio e Silva},
 title = {Automação Da Drenagem No Teste De Produção Convencional Em Tanque Cilíndrico},
 school = {UFRN},
 year = {2008},
 }
 
@misc{Fabian2008,
 author = {Fabian Fritz},
 title = {An Object Oriented Parser For B Specifications},
 school = {Heinrich Heine},
 year = {2008},
 institution	= {Institut für Informatik Softwaretechnik und Programmiersprachen},
 address = {Disponível em:http://www.formal-methods.de/thesis/Fritz2008-Bachelorarbeit.pdf.pdf. },
 }

 @MastersThesis{LAUT_LIMA,
 author = {Carlos Eduardo Guimarães Lima},
 title = {Automação de Testes de Produção e Determinação de BS\&W de poços produtores de petróleo},
 school = {UFRN},
 year = {2000},
 institution	= {Programa de Pós-Graduação em Engenharia Elétrica, Universidade Federal do Rio Grande do Norte},
 address =  {Natal}
 }
  

@Book{Abrial,
author = {J. R. Abrial },
ALTeditor = {Cambridge University Press},
title = {The B Book: Assigning Programs to Meanings.},
publisher = {Cambridge University Press},
year = {1996},
key = {0},
volume = {1},
number = {1},
series = {1},
address = {United States of America},
edition = {1}
}

@Proceedings{Tony_Hoare,
title = {The Verifying Compiler: A GrandChallenge for Computing Research},
author = {Tony Hoare},
institution	= {Microsoft Research Ltd.},
year = {2005},
address = {UK},
month = {Jan},
organization = {UK Computing Research Committee},
publisher = {Workshop on Grand Challenges for Computing Research},
note = {Disponível em:http://www.nesc.ac.uk/esi/events/Grand\_Challenges/workshop02.html 
Acessado em:18 abr 2007}
}

@inproceedings{DBLP:conf/sefm/LeinenbachPP05,
  author    = {Dirk Leinenbach and
               Wolfgang J. Paul and
               Elena Petrova},
  title     = {Towards the Formal Verification of a C0 Compiler: Code Generation
               and Implementation Correctnes},
  booktitle = {SEFM},
  year      = {2005},
  pages     = {2-12},
  ee        = {http://doi.ieeecomputersociety.org/10.1109/SEFM.2005.51},
  bibsource = {DBLP, http://dblp.uni-trier.de}
}

@inproceedings{DBLP:conf/fm/BlazyDL06,
  author    = {Sandrine Blazy and
               Zaynah Dargaye and
               Xavier Leroy},
  title     = {Formal Verification of a C Compiler Front-End},
  booktitle = {FM},
  year      = {2006},
  pages     = {460-475},
  ee        = {http://dx.doi.org/10.1007/11813040_31},
  bibsource = {DBLP, http://dblp.uni-trier.de}
}


@inproceedings{DBLP:conf/popl/Leroy06,
  author    = {Xavier Leroy},
  title     = {Formal certification of a compiler back-end or: programming
               a compiler with a proof assistant},
  booktitle = {POPL},
  organization = {INRIA},
  address = {France},
  year      = {2006},
  pages     = {42-54},
  ee        = {http://doi.acm.org/10.1145/1111037.1111042},
  
  bibsource = {DBLP, http://dblp.uni-trier.de}
}





@techreport{AbnTeX,
title		= {Classe ABNT: confecção de trabalhos acadêmicos em LaTeX segundo as normas ABNT},
author		= {Miguel Vinícius Santini Frasson},
institution	= {Grupo \AbnTeX},
address = {Disponível em:http://abntex.codigolivre.org.br. Acessado em:18 abr 2007},
year		= {2002},
note		= {Versão 1}
}

@article{DBLP:journals/entcs/EvansG08,
  author    = {Neil Evans and
               Neil Grant},
  title     = {Towards the Formal Verification of a Java Processor in Event-B},
  journal   = {Electr. Notes Theor. Comput. Sci.},
  volume    = {201},
  year      = {2008},
  pages     = {45-67},
  ee        = {http://dx.doi.org/10.1016/j.entcs.2008.02.015},
  bibsource = {DBLP, http://dblp.uni-trier.de}
}

@Book{SCHNEIDER,
author = {Steve Schneider },
title = {The {B}-method an introduction.},
publisher = {PALGRAVE MACMILLAN},
year = {2001},
key = {0},
volume = {1},
number = {1},
series = {1},
address = {Great Britain},
edition = {1}
}

@Misc{maquina_turing,
key = {10},
author = {A Encicliopédia Livre},
title = {Máquinas de Turing},
howpublished = {on-line},
note = {Disponível em:http://pt.wikipedia.org/wiki/Máquina\_de\_Turing. Acessado em:18 abr 2007},
year = {2006},
}



@Misc{anamaria,
author = {Anamaria Martis Moreira and David Déharbe},
title = {Tutorial: Software Engineering with the {B} method},
howpublished = {Tutorial - SBMF},
year = {2005},
note ={Disponível em:http://www.dimap.ufrn.br/~anamaria/Files/BtutorialSBMF2005.pdf. Acessado em:18 abr 2007}
}


@MANUAL{Z80_manual,
  TITLE =        {Z80 Family CPU User Manual},
  author =       {Zilog},
  organization = {ZiLOG Worldwide Headquarters},
  address =      {910 E. Hamilton Avenue},
  year =         {2001},
  note ={Disponível em:http://www.zilog.com/docs/z80/um0080.pdf. Acessado em:18 abr 2007}
}

@Misc{Simulator_z80,
author = {Vladimir Soso},
title = {Z80 Simulator IDE},
howpublished = {on-line},
note = {Disponível em:http://www.oshonsoft.com Acessado em:18 abr 2009},
year = {2002},
}

@inproceedings{DBLP:conf/fmco/Leuschel08,
  author    = {Michael Leuschel},
  title     = {Towards Demonstrably Correct Compilation of Java Byte Code},
  booktitle = {FMCO},
  year      = {2008},
  pages     = {119-138},
  ee        = {http://dx.doi.org/10.1007/978-3-642-04167-9_7},
  crossref  = {DBLP:conf/fmco/2008},
  bibsource = {DBLP, http://dblp.uni-trier.de}
}

@proceedings{DBLP:conf/fmco/2008,
  editor    = {Frank S. de Boer and
               Marcello M. Bonsangue and
               Eric Madelain},
  title     = {Formal Methods for Components and Objects, 7th International
               Symposium, FMCO 2008, Sophia Antipolis, France, October
               21-23, 2008, Revised Lectures},
  booktitle = {FMCO},
  publisher = {Springer},
  series    = {Lecture Notes in Computer Science},
  volume    = {5751},
  year      = {2009},
  isbn      = {978-3-642-04166-2},
  ee        = {http://dx.doi.org/10.1007/978-3-642-04167-9},
  bibsource = {DBLP, http://dblp.uni-trier.de}
}


% Interessados em verificar a máquina virtual java
@TechReport{GEMPLUS_99,
	title ={{A} {F}ormal {S}pecification of the {J}ava {B}ytecode {S}emantics using the {B} method},
	author = {Casset Ludovic and Jean Louis Lanet} ,
	organization ={.},
	address = {France},
	institution ={Gemplus},
	year = {1999}
}
@article{Hartel2001,
 author = {Hartel,, Pieter H. and Moreau,, Luc},
 title = {{F}ormalizing the safety of {J}ava, the {J}ava virtual machine, and {J}ava card},
 journal = {ACM Comput. Surv.},
 volume = {33},
 number = {4},
 year = {2001},
 issn = {0360-0300},
 pages = {517--558},
 doi = {http://doi.acm.org/10.1145/503112.503115},
 publisher = {ACM},
 address = {New York, NY, USA},
 }

@article{DBLP:journals/dt/GajskiV95,
  author    = {Daniel D. Gajski and
               Frank Vahid},
  title     = {Specification and Design of Embedded Hardware-Software Systems},
  journal   = {IEEE Design {\&} Test of Computers},
  volume    = {12},
  number    = {1},
  year      = {1995},
  pages     = {53-67},
  ee        = {http://doi.ieeecomputersociety.org/10.1109/54.350695},
  bibsource = {DBLP, http://dblp.uni-trier.de}
}

@inproceedings{DantasSemish2008,
  author    = {Bartira P. Dantas and  David Déharbe and  S. S. L. Galvão and  A. M. MOREIRA and  Valério G. MEDEIROS JR},
  title     = {Proposta e Avaliação de uma Abordagem de Desenvolvimento de Software Fidedigno por Construção com o Método B},
  booktitle = {Seminário Integrado de Software e Hardware},
  organization = {XXXV SEMISH},
  address = { Belém - PA},
  year      = {2008},
  ee        = {http://www.lbd.dcc.ufmg.br:8080/colecoes/semish/2008/014.pdf}
}
  

@Misc{MedeirosJr2007,

author = {Valério Gutemberg de Medeiros},
title = {Aplicação do método B para a construção de programas assembly},
howpublished = {Relatório de graduação - Dimap},
year = {2007},
note = {Natal/RN},
}

@inproceedings{DantasSBMF2008,
  author    = {B. P. Dantas and  David Déharbe and  S. S. L. Galvão and  A. M. MOREIRA and  Valério G. Medeiros Jr.},
  title     = {Applying the {B} method to take on the grand challenge of verified compilation},
  booktitle = "Brazilian Symposium on Formal Methods",
  organization = {SBMF},
  address = { Salvador - BA},
  year      = {2008},
}


@inproceedings{BHDL_2003,
  author    = {Ammar Aljer and
               Philippe Devienne and
               Sophie Tison and
               Jean-Louis Boulanger and
               Georges Mariano},
  title     = {BHDL: Circuit Design in {B}},
  booktitle = {ACSD},
  organization = {.},
  address = {France},
  year      = {2003},
  pages     = {241-242},
  ee        = {http://csdl.computer.org/comp/proceedings/acsd/2003/1887/00/18870241.pdf},
  bibsource = {DBLP, http://dblp.uni-trier.de}
}


@TechReport{relat_PIC16,
key = {DS41140B},
author = {Microchip},
title = { PIC16C432 - Data Sheet OTP 8-Bit CMOS MCU with LIN Transceiver},
institution = {Microchip Technology Inc},
year = {2002},
address ={USA},
note = {197p.}
}

@Manual{UndocumentedZ80,
title = {The Undocumented Z80 Documented},
author= { Sean Young },
year= {2003},
version = {0.6},
month ={November},
note = {Disponível em: http://www.myquest.nl/z80undocumented/z80-documented.pdf. Acessado em:18 abr 2007}
}

@Manual{B_reference,
key = {0},
title = {B Language Reference Manual},
author = {Clearsy},
organization = {Clearsy System Engineering},
edition = {1},
month = {Janeiro},
year = {2004},
note = {Disponível em:http://www.b4free.com/paper\_links.htm. Acessado em:18 abr 2007},
version = {1.8.5},
address ={França}
}

%B Language Reference Manual (2004)
%B Language Reference Manual: version 1.8.5. Clearsy System Engineering,2004. %Disponível %em:<http://www.b4free.com/paper_links.htm>. Acessado em:18 abr 2007 



@InProceedings{Brukadt,
key = {2},
author = {Randy Burkhardt},
title = {An {I}{S}{O} Standard Guards the {A}da {H}en {H}ouse},
booktitle = {ADA},
year = {2000},
month = {Janeiro},
organization = {IEEE},
address = {United States of America},
note = {Disponível em: http://ieeexplore.ieee.org/xplore/login.jsp?url=/iel5/52/17783/00820017.pdf Acessado em:18 abr 2007}
}

%BURKHARDT, Randy. Software, IEEE. An ISO Standard Guards the Ada Hen House. 17,1, Jan de 2000. %Disponível em:<http://ieeexplore.ieee.org/Xplore/login.jsp?url=/iel5/52/17783/00820017.pdf>. %Acessado em: 14 de mai 2007.


@Misc{CANSELL,
key = {0},
author = {D. MÉRY CANSELL},
title = { Foundations of the B Method},
month = {abril},
year = {2003},
note = {Disponível em: {$<$http://www2.imm.dtu.dk/~db/cai/cai-b.pdf$>$}. Acessado em: 18 abr 2007}
}

@InProceedings{deharbe06developing,
  author =       {David D\'eharbe and Bruno Gurgel Gomes and Anamaria
                 Martins Moreira},
  title =        {{A}utomation of {J}ava {C}ard {C}omponent
                 {D}evelopment using the {B} {M}ethod},
  booktitle =    {11th IEEE International Conference on Engineering of
                 Complex Computer Systems (ICECCS'06)},
  year =         {2006},
  pages =        "259--268",
  publisher =    {IEEE Computer Society},
  address =      {Los Alamitos, CA, USA},
}





@InProceedings{Tatibouet,
  author =       "J. C. Voisinet",
  title =        "{JB}tools: an experimental platform for the formal {B}
                 method",
  booktitle =    "Proceedings of the inaugural conference on
                 the {P}rinciples and {P}ractice of {P}rogramming in {J}ava (PPPJ'02 )",
  year =         "2002",
  pages =        "137--139",
  publisher =    "National University of Ireland",
  address =      "Dublin, Ireland",
}


@inproceedings{Rodin,
  author    = {Jean-Raymond Abrial},
  title     = {A System Development Process with Event-B and the Rodin
               Platform},
  booktitle = {Formal Methods and Software Engineering},
  organization = {ICFEM},
  address = {Berlin},
  year      = {2007},
  pages     = {1-3},
  ee        = {http://dx.doi.org/10.1007/978-3-540-76650-6_1},
  crossref  = {DBLP:conf/icfem/2007},
  bibsource = {DBLP, http://dblp.uni-trier.de}
}
@proceedings{DBLP:conf/icfem/2007,
  editor    = {Michael Butler and
               Michael G. Hinchey and
               Mar\'{\i}a M. Larrondo-Petrie},
  title     = {Formal Methods and Software Engineering, 9th International
               Conference on Formal Engineering Methods, ICFEM 2007, Boca
               Raton, FL, USA, November 14-15, 2007, Proceedings},
  booktitle = {ICFEM},
  publisher = {Springer},
  series    = {Lecture Notes in Computer Science},
  volume    = {4789},
  year      = {2007},
  isbn      = {978-3-540-76648-3},
  bibsource = {DBLP, http://dblp.uni-trier.de}
}
@proceedings{DBLP:conf/tapsoft/1995,
  editor    = {Peter D. Mosses and
               Mogens Nielsen and
               Michael I. Schwartzbach},
  title     = {TAPSOFT'95: Theory and Practice of Software Development,
               6th International Joint Conference CAAP/FASE, Aarhus, Denmark,
               May 22-26, 1995, Proceedings},
  booktitle = {TAPSOFT},
  publisher = {Springer},
  series    = {Lecture Notes in Computer Science},
  volume    = {915},
  year      = {1995},
  isbn      = {3-540-59293-8},
  bibsource = {DBLP, http://dblp.uni-trier.de}
}


@inproceedings{DBLP:conf/tapsoft/B-Core95,
  author 	= {B-Core},
   title     = {TAPSOFT'95: Theory and Practice of Software Development,
               6th International Joint Conference CAAP/FASE, Aarhus, Denmark,
               May 22-26, 1995, Proceedings},
  booktitle = {TAPSOFT},
  organization = {ICFTAPSOFT'95EM},
  address = {Berlin},
  year      = {1995},
  pages     = {805-806},

  bibsource = {DBLP, http://dblp.uni-trier.de}
}

@InProceedings{proB,
  author =       "Michael Leuschel and Michael Butler",
  title =        "Pro{B}: {A} Model Checker for {B}",
  booktitle =    "FME 2003: Formal Methods",
  editor =       "Keijiro Araki and Stefania Gnesi and Dino Mandrioli",
  publisher =    "Springer",
  series =       "LNCS 2805",
  year =         "2003",
  pages =        "855--874",
  ISBN =         "3-540-40828-2",
  address =      "Pisa, Italy",
}


@Inproceedings{Ermac2008,
  author    = {Valério G. Jr Medeiros  and Stephenson S. L. Galvão and David Déharbe},
  title     = {{M}odelagem de Microcontroladores em {B}},
  booktitle = {Anais do VIII ERMAC},
  organization = {Encontro Regional de Matemática Aplicada e Computacional},
  address = { Natal - RN},
  year      = {2008},

}

@inproceedings{DBLP:conf/acsd/Boulanger03,
  author    = {Jean-Louis Boulanger},
  title     = {ABTOOLS: Another B Tool},
  booktitle = {ACSD},
  year      = {2003},
  pages     = {231-232},
  address	= {Portugal},
  ee        = {http://csdl.computer.org/comp/proceedings/acsd/2003/1887/00/18870231.pdf},
  crossref  = {DBLP:conf/acsd/2003},
  bibsource = {DBLP, http://dblp.uni-trier.de}
}
@proceedings{DBLP:conf/acsd/2003,
  title     = {3rd International Conference on Application of Concurrency
               to System Design (ACSD 2003), 18-20 June 2003, Guimaraes,
               Portugal},
  booktitle = {ACSD},
  publisher = {IEEE Computer Society},
  year      = {2003},
  isbn      = {0-7695-1887-7},
  bibsource = {DBLP, http://dblp.uni-trier.de}
}

@inproceedings{Batcave,
author = {Eberton S. Marinho and Valério G. Medeiros Jr and David B. P. Déharbe and Bruno Gomes and Cláudia Tavares } ,
title = {{A} {F}erramenta {B}atcave para a {V}erificação de {E}specificações {F}ormais na {N}otação {B}},
booktitle = {Sessão de Ferramentas},
year = {2008},
organization =  {Simpósio Brasileiro de Engenharia de Software (SBES)},
address = {Campinas, SP}
}

@inproceedings{SBMF2009_micro,
  author    = {Valério G. Jr Medeiros and David Déharbe},
  title     = {{F}ormal {M}odelling of a {M}icrocontroller {I}nstruction {S}et in {B}},
  booktitle = "Brazilian Symposium on Formal Methods - Student Paper",
  organization = {SBMF},
  address = { Gramado, RS},
  year      = {2009}
}


@misc{gcc,
 author = {Gcc Developer Community - GNU},
 title = {GCC, the GNU Compiler Collection},
 year = {1999},
 institution = { GNU },
 howpublished = {Disponível em: http://gcc.gnu.org }
 }


@misc{Javacc,
 author = {CollabNet},
 title = {{J}ava{C}{C} Home},
 year = {2007},
 institution = {CollabNet },
 howpublished = {Disponível em: https://javacc.dev.java.net }
 }

@misc{Java,
 author = {Sun},
 title = {Sun Microsystems Home Page},
 year = {2009},
 institution = {Sun Microsystems },
 howpublished = {Disponível em: http://www.java.sun.com}
 }

@misc{ComenC,
 author = {ClearSy},
 title = {ComenC, B0 Implementation Translation into C Language},
 year = {2008},
 institution = {ClearSy System Engineering },
 howpublished = {Disponível em:http://www.comenc.eu }
 }

@Misc{atelierB,
  author =       "Clearsy",
  title =        "Atelier {B} web site",
  howpublished = "\\Dispon\'ivel em: 
                 {http://www.atelierb.eu}",
  note =         "Acesso em: 04 abril 2009",
  year = "2009"
}

@inproceedings{DBLP:conf/tapsoft/B-Core95,
  title     = {B-Core: The B-Toolkit Demonstration},
  booktitle = {TAPSOFT},
  year      = {1995},
  pages     = {805-806},
  ee        = {http://dx.doi.org/10.1007/3-540-59293-8_243},
  crossref  = {DBLP:conf/tapsoft/1995},
  bibsource = {DBLP, http://dblp.uni-trier.de}
}
@proceedings{DBLP:conf/tapsoft/1995,
  editor    = {Peter D. Mosses and
               Mogens Nielsen and
               Michael I. Schwartzbach},
  title     = {TAPSOFT'95: Theory and Practice of Software Development,
               6th International Joint Conference CAAP/FASE, Aarhus, Denmark,
               May 22-26, 1995, Proceedings},
  booktitle = {TAPSOFT},
  publisher = {Springer},
  series    = {Lecture Notes in Computer Science},
  volume    = {915},
  year      = {1995},
  isbn      = {3-540-59293-8},
  bibsource = {DBLP, http://dblp.uni-trier.de}
}


%CANSELL, D. e MÉRY, D. Foundations of the B Method. Computing and Informatics, 22p. 1 - 31, %2003. Disponível em: <http://www2.imm.dtu.dk/~db/cai/cai-b.pdf>. Acessado em: 18 abr 2007.
@Misc{bcore,
key = {0},
author = {B-Core},
title = {A Comparison of Z and VDM with B/AMN},
month = {agos},
year = {1999},
note = {Disponível em: http://www.b-core.com/ZVdmB.html. Acessado em: 18 abr 2007}
}
% A Comparison of Z and VDM with B/AMN

@Misc{Cury,
key = {3},
author = {Edson Cury},
title = {Certificação de Software},
howpublished = {Disponível em:http://www.aviacao\-civil.ifi.cta.br/Cursos/SeminarioRCF\_2003},
year = {2007},
note = {Acessado em: 14 de mai 2007}
}

%CURY, Edson. Certificação de Software. Disponível em: %<http://www.aviacao-civil.ifi.cta.br/Cursos/SeminarioRCF_2003/Criterios%20para%20Certificacao%%20de%20Software_Cury.pps. Acessado em: 14 de mai 2007. 
%

@Misc{ferreira,
key = {3},
author = {Ana Paula Lüdtke FERREIRA},
title = {Notas de trabalhos de conclusão},
howpublished = {Disponível em: http://www.inf.unisinos.br/~anapaula/disciplinas/tc.html},
note = {Acessado em : 14 de mai 2007}
}


%FERREIRA, Ana Paula Lüdtke. Notas de trabalhos de conclusão.
%Disponível em: <http://www.inf.unisinos.br/~anapaula/disciplinas/tc.html>. Acessado em : 14 %de mai 2007. 


@Book{IOVINE,
author = {John IOVINE},
editor = {McGraw-Hill},
title = {PIC Microcontroller Project Book},
publisher = {McGraw-Hill},
year = {2000},
address = {New York},
key = {0},
volume = {1},
note = {203p.},
}
%IOVINE, John. PIC Microcontroller Project Book. 1. ed. New York: McGraw-Hill, 2000. 203 p. 

@Book{LAM,
author = {William K LAM},
editor = {Prentice Hall},
title = {Hardware Design Verification: Simulation and Formal Method-Based Approaches},
publisher = {Prentice Hall PTR},
address = {New York},
year = {2003},
key = {0},
volume = {1},
note = {624p.},
}

%LAM, William K. Hardware Design Verification: Simulation and Formal Method-Based Approaches. %1.ed. Prentice Hall PTR, 2003. 624p.

@Book{PRESSMAN,
author = {Roger S. PRESSMAN},
editor = {São Paulo},
title = {Engenharia de Software},
publisher = {Makron Books},
year = {1995},
key = {0},
address = {São Paulo},
volume = {1},
edition = {6},
note = {752p.},
}
%PRESSMAN, Roger S. Engenharia de Software. 3 ed. São Paulo: Makron Books, 1995.

@Book{SOUSA,
author = {David SOUSA and Nicolas LAVINIA},
editor = {São Paulo},
title = {Conectando o PIC 16F877A Recursos Avançados},
publisher = {Érica},
address = {São Paulo},
year = {2003},
key = {0},

edition = {2},
note = {380p.},
}

%SOUSA, David; LAVINIA, Nicolas. Conectando o PIC 16F877A Recursos Avançados. 2.ed. São Paulo: %Érica, 2003. 380 p.

@Book{J.B,
author = {J.B Wordsworth },
editor = {England},
title = {Software Engineering with B},
publisher = {Addison-Wesley},
year = {1996},
address ={England},
key = {0},
note = {331p.},
}

%WORDSWORTH,J.B. Software Engineering with B. Addison-Wesley, England, 1996. 331 p.


@MISC{abrial:03,
AUTHOR =       "J.-R. Abrial and D. Cansell",
TITLE =        "Click'n'Prove - Interactive Proofs Within Set Theory. Version 23.",
YEAR =         "2003",
MONTH =        "Mai",
NOTE =         "Disponível em: http://www.loria.fr/\~{}cansell/rome.ps.gz. Acessado em : 14 de mai 2007"
}

@MISC{robinson:03,
AUTHOR =       "K. Robinson",
TITLE =        "An Introduction to the B Method - An Overview",
YEAR =         "2003",
NOTE =         "Disponível em: http://www.cse.unsw.edu.au/~cs2110/PDF/overview-notes.pdf. Acessado em : 14 de mai 2007"
}

@Book{Coq_Book,
author = {Yves Bertot, Pierre Castéran},
title = {Interactive Theorem Proving and Program Development: {C}oq'Art: the Calculus of Inductive Constructions .},
publisher = {Springer},
year = {2004},
key = {0},
volume = {1},
number = {1},
series = {1},
edition = {1}
}

@inproceedings{DBLP:conf/birthday/ChrzaszczW07,
  author    = {Jacek Chrzaszcz and
               Daria Walukiewicz-Chrzaszcz},
  title     = {Towards Rewriting in Coq},
  booktitle = {Rewriting, Computation and Proof},
  year      = {2007},
  pages     = {113-131},
  ee        = {http://dx.doi.org/10.1007/978-3-540-73147-4_6},
  crossref  = {DBLP:conf/birthday/2007jouannaud},
  bibsource = {DBLP, http://dblp.uni-trier.de}
}

@proceedings{DBLP:conf/birthday/2007jouannaud,
  editor    = {Hubert Comon-Lundh and
               Claude Kirchner and
               H{\'e}l{\`e}ne Kirchner},
  title     = {Rewriting, Computation and Proof, Essays Dedicated to Jean-Pierre
               Jouannaud on the Occasion of His 60th Birthday},
  booktitle = {Rewriting, Computation and Proof},
  publisher = {Springer},
  series    = {Lecture Notes in Computer Science},
  volume    = {4600},
  year      = {2007},
  isbn      = {978-3-540-73146-7},
  bibsource = {DBLP, http://dblp.uni-trier.de}
}


@Article{xavier,
author = {Xavier Leroy},
title = {Formal Certification of a Compiler Back-end},
journal = {INRIA Rocquencourt},
year = {2006},
note = {Disponível em:http://pauillac.inria.fr/~xleroy/publi/compiler-certif.pdf Acessado em : 14 de mai 2007}

}


@Article{Palsberg:92,
author = {Jens Palsberg},
title = {A Provably Correct Compiler Generator},
journal = {Dinamarca},
year = {1992},
OPTkey = {0},
OPTpages = {38},
note = {Disponível em:http://www.cs.ucla.edu/\~palsberg/paper/esop92.pdf. Acessado em: 22 de jul 2007}
}


% Tecnicas de verificação de hardware
@MISC{Ramasamy03formalverification,
    author = {Harigovind V. Ramasamy and Michel Cukier and William H. Sanders},
    title = {Formal Verification of an Intrusion-Tolerant Group Membership Protocol},
    year = {2003}
}


@inproceedings{Velev04,
  author    = {Miroslav N. Velev},
  title     = {Efficient formal verification of pipelined processors with
               instruction queues},
  booktitle = {ACM Great Lakes Symposium on VLSI},
  year      = {2004},
  pages     = {92-95},
  ee        = {http://doi.acm.org/10.1145/988952.988975}
}

% Tecnicas de verificação da JVM


%Referências de exemplo

